<?xml version="1.0" encoding="UTF-8"?><record xmlns="http://www.loc.gov/MARC21/slim" xmlns:cinclude="http://apache.org/cocoon/include/1.0" xmlns:zs="http://www.loc.gov/zing/srw/">
  <leader>00381nz  a2200121n  4500</leader>
  <controlfield tag="001">n 2005023997</controlfield>
  <controlfield tag="003">DLC</controlfield>
  <controlfield tag="005">20050401100844.0</controlfield>
  <controlfield tag="008">050401n| acannaabn          |n aaa      </controlfield>
  <datafield tag="010" ind1=" " ind2=" ">
    <subfield code="a">n 2005023997</subfield>
  </datafield>
  <datafield tag="040" ind1=" " ind2=" ">
    <subfield code="a">DLC</subfield>
    <subfield code="b">eng</subfield>
    <subfield code="c">DLC</subfield>
  </datafield>
  <datafield tag="100" ind1="1" ind2=" ">
    <subfield code="a">Donovan, Stephen,</subfield>
    <subfield code="d">1970-</subfield>
  </datafield>
  <datafield tag="670" ind1=" " ind2=" ">
    <subfield code="a">Donovan, Stephen. Joseph Conrad and popular culture, 2005:</subfield>
    <subfield code="b">CIP t.p. (Stephen Donovan) data sheet (b. Feb. 1, 1970)</subfield>
  </datafield>
</record>